<record><leader>00000cas a2200000 a 4500</leader><controlfield tag="001">28136210</controlfield><controlfield tag="008">930520d1uuu1944iluwr ne      0   a0eng c</controlfield><datafield ind1=" " ind2=" " tag="010"><subfield code="a">sn 93055700 </subfield></datafield><datafield ind1=" " ind2=" " tag="040"><subfield code="a">NVF</subfield><subfield code="b">eng</subfield><subfield code="c">NVF</subfield><subfield code="d">OCLCQ</subfield><subfield code="d">NVF</subfield><subfield code="d">OCLCQ</subfield><subfield code="d">NVF</subfield><subfield code="d">OCLCO</subfield><subfield code="d">OCLCF</subfield></datafield><datafield ind1="1" ind2=" " tag="029"><subfield code="a">AU@</subfield><subfield code="b">000020740190</subfield></datafield><datafield ind1=" " ind2=" " tag="042"><subfield code="a">pcc</subfield></datafield><datafield ind1=" " ind2=" " tag="043"><subfield code="a">n-us-il</subfield></datafield><datafield ind1="0" ind2=" " tag="130"><subfield code="a">Dallas City enterprise (Dallas City, Ill. : 1912)</subfield></datafield><datafield ind1="1" ind2="0" tag="245"><subfield code="a">Dallas City enterprise.</subfield></datafield><datafield ind1=" " ind2=" " tag="260"><subfield code="a">Dallas City, Ill. :</subfield><subfield code="b">Dallas Print. Co.</subfield></datafield><datafield ind1=" " ind2=" " tag="300"><subfield code="a">v.</subfield></datafield><datafield ind1=" " ind2=" " tag="310"><subfield code="a">Weekly</subfield></datafield><datafield ind1="0" ind2=" " tag="362"><subfield code="a">-v. 45, no. 41 (Mar. 23, 1944).</subfield></datafield><datafield ind1=" " ind2=" " tag="580"><subfield code="a">Merged with: Dallas City review, to form: Dallas City enterprise and the Dallas City review.</subfield></datafield><datafield ind1=" " ind2=" " tag="588"><subfield code="a">Description based on: Vol. 13, no. 19 (Sept. 5, 1912).</subfield></datafield><datafield ind1=" " ind2="0" tag="651"><subfield code="a">Dallas City (Ill.)</subfield><subfield code="v">Newspapers.</subfield></datafield><datafield ind1=" " ind2="7" tag="655"><subfield code="a">Newspapers.</subfield><subfield code="2">fast</subfield><subfield code="0">(OCoLC)fst01423814</subfield></datafield><datafield ind1=" " ind2="7" tag="651"><subfield code="a">Illinois</subfield><subfield code="z">Dallas City.</subfield><subfield code="2">fast</subfield><subfield code="0">(OCoLC)fst01926138</subfield></datafield><datafield ind1=" " ind2=" " tag="752"><subfield code="a">United States</subfield><subfield code="b">Illinois</subfield><subfield code="c">Hancock</subfield><subfield code="d">Dallas City.</subfield></datafield><datafield ind1="0" ind2="0" tag="780"><subfield code="t">Niota enterprise</subfield></datafield><datafield ind1="1" ind2="7" tag="785"><subfield code="t">Dallas City review</subfield><subfield code="w">(DLC)sn 93055701</subfield><subfield code="w">(OCoLC)28136241</subfield></datafield><datafield ind1="1" ind2="7" tag="785"><subfield code="t">Dallas City enterprise and the Dallas City review</subfield><subfield code="w">(DLC)sn 93055699</subfield><subfield code="w">(OCoLC)28136375</subfield></datafield></record>